%McGraw-Hill Concise Encyclopedia of Engineering. S.v. "cryptography." Retrieved May 1 2016 from //encyclopedia2.thefreedictionary.com/cryptography

@Article{MCEE,
  author = {The McGraw-Hill Companies, Inc.},
  title = {Cryptography},
  journal = {McGraw-Hill Concise Encyclopedia of Engineering},
  year = 2016,
  pages = {//encyclopedia2.thefreedictionary.com/cryptography}
}

