@Article{MCEE,
  author = {The McGraw-Hill Companies, Inc.},
  title = {Cryptography},
  journal = {McGraw-Hill Concise Encyclopedia of Engineering},
  year = {2016},
  pages = {//encyclopedia2.thefreedictionary.com/cryptography}
}

@Misc{UEN,
    author = {Daniel Palloks},
    title = {https://people.physik.hu-berlin.de/\~palloks/js/enigma/enigma-u\_v20\_en.html},
    year = {2009-2016}
}

@Misc{EWIN,
    author = {Dirk Rijmenants},
    title = {http://users.telenet.be/d.rijmenants},
    year = {2004-2016}
}

@Misc{ECO,
    author = {Enigmaco},
    title = {http://enigmaco.de/enigma},
    year = {2016}
}

@Misc{CRYPTOMUSEUM,
    author = {CryptoMuseum},
    title = {http://cryptomuseum.com/crypto/enigma/i/index.htm},
    year = {2016}
}

@Misc{MYSIMU,
    author = {Hakim Boulahya},
    title = {http://student.ulb.ac.be/hboulahy/enigma/},
    year = {2016}
}

@Article{AESIMPL,
    author =  {Priyadarshini Patil, Prashant Narayankar},
    title = {A Comprehensive Evaluation of Cryptographic Algorithms: DES,
3DES, AES, RSA and Blowfish},
    journal = {Procedia Computer Science 78 ( 2016 ) 617 â€“ 624},
    year = {11-12 December 2015},
    url = {doi:10.1016/j.procs.2016.02.108}
}
